@book {Hum90,
    AUTHOR = {Humphreys, James E.},
     TITLE = {Reflection groups and {C}oxeter groups},
    SERIES = {Cambridge Studies in Advanced Mathematics},
    VOLUME = {29},
 PUBLISHER = {Cambridge University Press, Cambridge},
      YEAR = {1990},
     PAGES = {xii+204},
      ISBN = {0-521-37510-X},
   MRCLASS = {20-02 (20F32 20F55 20G15 20H15)},
  MRNUMBER = {1066460},
MRREVIEWER = {Louis Solomon},
       DOI = {10.1017/CBO9780511623646},
       URL = {https://doi.org/10.1017/CBO9780511623646},
}
	
@Manual{Der14,
      title  = {Crystallographic Root
Systems},
      author = "Aram Dermenjian",
      URL    = "https://egunawan.github.io/coxeter/text/dermenjian_survey_crystallographic_root_systems.pdf",
      year   = "2014",
      note={\url{https://egunawan.github.io/coxeter/text/dermenjian_survey_crystallographic_root_systems.pdf}}
}
	